% This file was created with JabRef 2.9.2.
% Encoding: Cp1252

@STRING{cmb = {Cell.\ Mol.\ Biol.}}

@STRING{IEEE = {Institute of Electrical and Electronics Engineers, Inc.}}

@ARTICLE{Inverno97:Formalisms,
  author = {d'Inverno, Mark and Fisher, Michael and Lomuscio, Alessio and Luck,
	Michael and de Rijke, Maarten and Ryan, Mark and Wooldridge, Michael},
  title = {Formalisms for Multi-Agent Systems},
  journal = {The Knowledge Engeneering Review},
  year = {1997},
  volume = {3},
  number = {12},
  contribuidopor = {E.T.L.}
}

@BOOK{aguirre2002,
  title = {Desidrata{\c c}\~ao de frutas e hortali{\c c}as},
  publisher = {ITAL},
  year = {2002},
  author = {Aguirre, J M and Gasparino, Filho, J},
  pages = {205},
  address = {Campinas},
  subtitle = {manual t\'ecnico}
}

@ARTICLE{ayensu97,
  author = {A Ayensu},
  title = {Dehydration of food crops using a solar dryer with convective heat
	flow},
  journal = {Solar Energy},
  year = {1997},
  volume = {59},
  pages = {121-126},
  number = {4/6},
  address = {Amsterdam}
}

@BOOK{bentley,
  title = {Principles of measurement systems},
  publisher = {Pearson Education},
  year = {2005},
  author = {Bentley, J P},
  pages = {544},
  address = {Harlow},
  edition = {4$\,^{\rm th}$}
}

@MANUAL{Bumgardner97:Syd,
  title = {Syd 1.0.5: User Manual},
  author = {Bumgardner, Jim},
  year = {1997},
  contribuidopor = {E.T.L.}
}

@ARTICLE{Creci99,
  author = {Geraldo Creci and Gerald Weber},
  title = {Electron and hole states in {V}-groove quantum wires: an effective
	potential calculation},
  journal = {Semicond.\ Sci.\ Technol.},
  year = {1999},
  volume = {14},
  pages = {690-694},
  contribuidopor = {G.W.}
}

@ARTICLE{Deng00,
  author = {Z-Y Deng and X Chen and T Ohji and T Kobayashi},
  title = {Subband structures and exciton and impurity states in {V}-shaped
	{GaAs-Ga$_{1-x}$Al$_x$As} quantum wires},
  journal = {Phys.\ Rev.\ B},
  year = {2000},
  volume = {61},
  pages = {15905-15913},
  contribuidopor = {G.W.}
}

@ARTICLE{Eiter99:HAA,
  author = {Eiter, Thomas and others},
  title = {Heterogeneous Active Agents, {I}: Semantics},
  journal = {Artificial Intelligence},
  year = {1999},
  volume = {108},
  pages = {179-255},
  contribuidopor = {E.T.L.},
  publisher = {Elsevier}
}

@ARTICLE{eke99,
  author = {Ekechukwu, O. V. and Norton, B.},
  title = {Review of solar-energy drying systems {II}: an overview of solar
	drying technology},
  journal = {Energy Conversion and Management},
  year = {1999},
  volume = {40},
  pages = {615-655},
  number = {6},
  address = {Amsterdam}
}

@INPROCEEDINGS{Chiao00,
  author = {B. Elamaran and Iao-Mak Chio and Liang-Yu Chen and Jung-Chih Chiao},
  title = {{A Beam-Steerer Using Reconfigurable PBG Ground Plane}},
  booktitle = {Proceedings...},
  year = {2000},
  volume = {2},
  pages = {835-838},
  address = {Piscataway, NJ},
  organization = {Microwave Symposium digest,{ 67., 2000, Massachussets}},
  publisher = IEEE
}

@BOOK{Ferber95:SMA,
  title = {Les Syst\`emes Multi-Agent: Vers une Inteligence Collective},
  publisher = {InterEditions},
  year = {1995},
  author = {Ferber, Jacques},
  address = {Paris},
  contribuidopor = {E.T.L.}
}

@ARTICLE{ARTICLE1,
  author = {First von Last, Jr.},
  title = {T{\'\i}tulo da Obra: artigo com um autor},
  journal = {T{\'\i}tulo da Revista},
  year = {2000},
  volume = {10},
  pages = {15905-15913},
  number = {2},
  address = {Cidade}
}

@ARTICLE{ARTICLE2,
  author = {First von Last, Jr. and Second von Previous, Filho},
  title = {T{\'\i}tulo da Obra: artigo com dois autores},
  journal = {T{\'\i}tulo da Revista},
  year = {2000},
  volume = {10},
  pages = {15905-15913},
  number = {2},
  month = {M{\^e}s},
  address = {Endere{\c c}o}
}

@ARTICLE{ARTICLE3,
  author = {First von Last, Jr. and Second von Previous, Filho and Terceiro da
	Silva},
  title = {T{\'\i}tulo da Obra: artigo com tr\^es autores},
  journal = {T{\'\i}tulo da Revista},
  year = {2000},
  volume = {10},
  pages = {15905-15913},
  number = {2},
  month = {M{\^e}s},
  address = {Endere{\c c}o}
}

@ARTICLE{ARTICLE4,
  author = {First von Last, Jr. and Second von Previous, Filho and Terceiro da
	Silva and Quarto Quinto},
  title = {T{\'\i}tulo da Obra: artigo com quatro autores},
  journal = {T{\'\i}tulo da Revista},
  year = {2000},
  volume = {10},
  pages = {15905-15913},
  number = {2},
  address = {Cidade}
}

@PHDTHESIS{Giraffa:1999,
  author = {L{\'u}cia M. Martins Giraffa},
  title = {Uma arquitetura de tutor utilizando estados mentais},
  school = {Universidade Federal do Rio Grande do Sul},
  year = {1999},
  address = {Porto Alegre},
  contribuidopor = {Ligia Fl·via}
}

@INCOLLECTION{hansman,
  author = {Hansman, Jr., R J},
  title = {Characteristics of instrumentation},
  booktitle = {Measurement, instrumentation and sensors handbook},
  publisher = {CRC Press},
  year = {1999},
  editor = {Webster, J G},
  chapter = {chap. 1},
  pages = {24-31},
  address = {Boca Raton}
}

@INCOLLECTION{Jennings98:Applications,
  author = {Nicholas R. Jennings and Michael J. Wooldridge},
  title = {Applications of Intelligent Agents},
  booktitle = {Agent Technology: Foundations, Applications, and Markets},
  publisher = {Springer},
  year = {1998},
  editor = {Nicholas R. Jennings and Michael J. Wooldridge},
  pages = {3--28},
  address = {Heidelberg},
  contribuidopor = {E.T.L.}
}

@BOOK{Koneman99,
  title = {Diagn{\'o}stico Microbiol{\'o}gico},
  publisher = {M{\'e}dica Panamericana},
  year = {1999},
  author = {E W Koneman and S D Allen and W M Janda and P C Schreckenberger and
	W C Winn},
  address = {Buenos Aires},
  edition = {5.},
  contribuidopor = {G.W.}
}

@ARTICLE{mad2002,
  author = {Madhlopa, A. and Jones, S. A. and Kalenga, Saka, J. D.},
  title = {A solar air heater with composite--absorber systems for food dehydration},
  journal = {Renewable Energy},
  year = {2002},
  volume = {27},
  pages = {27-37},
  number = {1},
  address = {Amsterdam}
}

@UNPUBLISHED{Mccarthy92:Elephant,
  author = {John McCarthy},
  title = {Elephant 2000: {A} Programming Language Based on Speech Acts},
  note = {Artigo do McCarthy sobre a linguage de programa\c{c}\~ao Elephant},
  year = {1992},
  contribuidopor = {E.T.L.}
}

@ARTICLE{Schroter98,
  author = {U Schr\"oter and D Heitmann},
  title = {Surface-plasmon-enhanced transmission through metallic gratings},
  journal = {Phys.\ Rev.~B},
  year = {1998},
  volume = {58},
  pages = {15419-15421}
}

@TECHREPORT{Singh91:Intentions,
  author = {Munindar P. Singh},
  title = {Intentions for Multiagent Systems},
  institution = {Unknown},
  year = {1991},
  contribuidopor = {E.T.L.}
}

@ARTICLE{Subramaniam98,
  author = {V Subramaniam and A K Kirsch and T M Jovin},
  title = {Cell biological applications of scanning near-field optical microscopy
	{(NSOM)}},
  journal = cmb,
  year = {1998},
  volume = {44},
  pages = {689-700},
  contribuidopor = {G.W.}
}

@ARTICLE{Sun99,
  author = {H Sun},
  title = {Electronic states of {V}-shaped semiconductor quantum wires in electric
	fields},
  journal = {Phys.\ Rev.\ B},
  year = {1999},
  volume = {58},
  pages = {15381-15384},
  contribuidopor = {G.W.}
}

@ARTICLE{Tsen86,
  author = {K T Tsen and H Morko{\c{c}}},
  title = {Population relaxation time of nonequilibrium {LO} phonons and electron-phonon
	interactions in {GaAs--Al$_x$Ga$_{1-x}$As} multiple-quantum-well
	structures},
  journal = {Phys.\ Rev.~B},
  year = {1986},
  volume = {34},
  pages = {4412-4414}
}

@INPROCEEDINGS{Valiant95:Rationality,
  author = {Valiant, Leslie G.},
  title = {Rationality},
  booktitle = {Proc. of the 8th Annual Conference on Computer Learning Theory},
  year = {1995},
  address = {Santa Cruz (CA)},
  month = {July 5-8},
  contribuidopor = {E.T.L.}
}

@BOOK{arsdel63,
  title = {Food dehydration},
  publisher = {Avi Pub.},
  year = {1963},
  author = {Van, Arsdel, W B and M J Copley},
  volume = {1: Principles},
  pages = {185},
  address = {Westport}
}

@BOOK{Cardona82,
  title = {Light Scattering in Solids},
  publisher = {Springer},
  year = {1982},
  editor = {M. Cardona and G. G{\"u}ntherodt},
  number = {51},
  series = {Topics in applied physics},
  address = {Berlin},
  contribuidopor = {G.W.},
  isbn = {3-540-11513-7}
}

@BOOK{acentos1,
  title = {teste},
  organization = {\'a\'e{\'\i}\'o\'u{\c c}\~a\~o ·ÈÌÛ˙Á„ı}
}

@OTHER{minhasopcoes,
  abnt-emphasize = {\textbf},
  abnt-repeated-title-omit = {yes},
  abnt-show-options = {warn},
  key = {aaaa}
}

@MISC{zbeenews,
  title = {ZigBee in the news archives},
  year = {2011c},
  organization = {Zigbee Alliance},
  url = {http://www.zigbee.org/News/ZigBeeInTheNews/ZigBeeInTheNewsArchives.aspx},
  urlaccessdate = {03 out. 2011}
}

@MISC{zbeealliance,
  title = {The Alliance},
  year = {2011b},
  organization = {Zigbee Alliance},
  url = {http://www.zigbee.org/About/AboutAlliance/TheAlliance.aspx},
  urlaccessdate = {03 out. 2011}
}

@MISC{zbeespec,
  title = {Specifications},
  year = {2011a},
  organization = {Zigbee Alliance},
  url = {http://www.zigbee.org/Specifications.aspx},
  urlaccessdate = {03 out. 2011}
}

@manual{opmac,
  author = {Petr Ol{\v{s}}\'ak},
  title = {OPmac - macros for plainTEX},
  url = {http://petr.olsak.net/opmac-e.html},
  year = {2014}
}

@book{tex1,
  title={The texbook},
  author={Knuth, Donald Ervin and Bibby, Duane},
  volume={1993},
  year={1986},
  publisher={Addison-Wesley Reading, MA, USA}
}

@book{tex2,
  title={A gentle introduction to TEX},
  author={Doob, Michael},
  year={1989},
  publisher={TEX Users Group}
}

@manual{fontch,
  author = {Rodrigo Medina},
  title = {Macros for changing fonts and sizes in plain TEX},
  year = {2010}
}


